@misc{ egorov2019,
    author = "Michael Egorov",
    title = "StableSwap - efficient mechanism for Stablecoin liquidity",
    url = {https://classic.curve.fi/files/stableswap-paper.pdf},
    year = "2019" }
@online{curvefi-3pool,
    author = {{Curve Finance}},
    title = {StableSwap3Pool.vy},
    year = 2020,
    url = {https://github.com/curvefi/curve-contract/blob/bae23a2fc9a0302d174ea1ffce8219a44a92149c/contracts/pools/3pool/StableSwap3Pool.vy},
}
@online{etherscan-3pool,
    author = {Etherscan},
    title = {Curve.fi: DAI/USDC/USDT Pool | Address 0xbebc44782c7db0a1a60cb6fe97d0b483032ff1c7},
    year = 2023,
    url = {https://etherscan.io/address/0xbebc44782c7db0a1a60cb6fe97d0b483032ff1c7},
}


@online{curve-pr-102,
    author = {{Curve Finance}},
    title = {Revert on non-convergence of D or Y},
    year = 2020,
    url = {https://github.com/curvefi/curve-contract/pull/102|},
}
